<ns:JPK xmlns:ns="http://jpk.mf.gov.pl/wzor/2019/09/27/09271/" xmlns:def="http://crd.gov.pl/xml/schematy/dziedzinowe/mf/2018/08/24/eD/DefinicjeTypy/">
  <ns:Naglowek>
    <ns:KodFormularza kodSystemowy="JPK_FA (3)" wersjaSchemy="1-0">JPK_FA</ns:KodFormularza>
    <ns:WariantFormularza>3</ns:WariantFormularza>
    <ns:CelZlozenia>1</ns:CelZlozenia>
    <ns:DataWytworzeniaJPK>2014-09-19T01:18:33</ns:DataWytworzeniaJPK>
    <ns:DataOd>2016-07-01</ns:DataOd>
    <ns:DataDo>2016-07-01</ns:DataDo>
    <ns:KodUrzedu>2609</ns:KodUrzedu>
  </ns:Naglowek>
  <ns:Podmiot1>
    <ns:IdentyfikatorPodmiotu>
      <def:NIP>string</def:NIP>
      <def:PelnaNazwa>token</def:PelnaNazwa>
    </ns:IdentyfikatorPodmiotu>
    <!--You have a CHOICE of the next 2 items at this level-->
    <ns:AdresPodmiotu>
      <def:KodKraju>BG</def:KodKraju>
      <def:Wojewodztwo>token</def:Wojewodztwo>
      <def:Powiat>token</def:Powiat>
      <def:Gmina>token</def:Gmina>
      <!--Optional:-->
      <def:Ulica>token</def:Ulica>
      <def:NrDomu>token</def:NrDomu>
      <!--Optional:-->
      <def:NrLokalu>token</def:NrLokalu>
      <def:Miejscowosc>token</def:Miejscowosc>
      <def:KodPocztowy>token</def:KodPocztowy>
    </ns:AdresPodmiotu>
    <ns:AdresPodmiotu2>
      <def:KodKraju>LU</def:KodKraju>
      <!--Optional:-->
      <def:KodPocztowy>token</def:KodPocztowy>
      <def:Miejscowosc>token</def:Miejscowosc>
      <!--Optional:-->
      <def:Ulica>token</def:Ulica>
      <!--Optional:-->
      <def:NrDomu>token</def:NrDomu>
      <!--Optional:-->
      <def:NrLokalu>token</def:NrLokalu>
    </ns:AdresPodmiotu2>
  </ns:Podmiot1>
  <!--1 or more repetitions:-->
  <ns:Faktura>
    <ns:KodWaluty>SCR</ns:KodWaluty>
    <ns:P_1>2006-01-01</ns:P_1>
    <ns:P_2A>token</ns:P_2A>
    <!--Optional:-->
    <ns:P_3A>token</ns:P_3A>
    <!--Optional:-->
    <ns:P_3B>token</ns:P_3B>
    <ns:P_3C>token</ns:P_3C>
    <ns:P_3D>token</ns:P_3D>
    <!--Optional:-->
    <ns:P_4A>LV</ns:P_4A>
    <!--Optional:-->
    <ns:P_4B>string</ns:P_4B>
    <!--Optional:-->
    <ns:P_5A>HU</ns:P_5A>
    <!--Optional:-->
    <ns:P_5B>string</ns:P_5B>
    <!--Optional:-->
    <ns:P_6>2006-01-01</ns:P_6>
    <ns:P_13_1>1000.00000000000000</ns:P_13_1>
    <ns:P_14_1>1000.00000000000000</ns:P_14_1>
    <!--Optional:-->
    <ns:P_14_1W>1000.00000000000000</ns:P_14_1W>
    <ns:P_13_2>1000.00000000000000</ns:P_13_2>
    <ns:P_14_2>1000.00000000000000</ns:P_14_2>
    <!--Optional:-->
    <ns:P_14_2W>1000.00000000000000</ns:P_14_2W>
    <ns:P_13_3>1000.00000000000000</ns:P_13_3>
    <ns:P_14_3>1000.00000000000000</ns:P_14_3>
    <!--Optional:-->
    <ns:P_14_3W>1000.00000000000000</ns:P_14_3W>
    <ns:P_13_4>1000.00000000000000</ns:P_13_4>
    <ns:P_14_4>1000.00000000000000</ns:P_14_4>
    <!--Optional:-->
    <ns:P_14_4W>1000.00000000000000</ns:P_14_4W>
    <!--Optional:-->
    <ns:P_13_5>1000.00000000000000</ns:P_13_5>
    <!--Optional:-->
    <ns:P_13_6>1000.00000000000000</ns:P_13_6>
    <!--Optional:-->
    <ns:P_13_7>1000.00000000000000</ns:P_13_7>
    <ns:P_15>1000.00000000000000</ns:P_15>
    <ns:P_16>true</ns:P_16>
    <ns:P_17>true</ns:P_17>
    <ns:P_18>false</ns:P_18>
    <ns:P_18A>false</ns:P_18A>
    <ns:P_19>true</ns:P_19>
    <!--Optional:-->
    <ns:P_19A>token</ns:P_19A>
    <!--Optional:-->
    <ns:P_19B>token</ns:P_19B>
    <!--Optional:-->
    <ns:P_19C>token</ns:P_19C>
    <ns:P_20>false</ns:P_20>
    <ns:P_20A>token</ns:P_20A>
    <ns:P_20B>token</ns:P_20B>
    <ns:P_21>false</ns:P_21>
    <ns:P_21A>token</ns:P_21A>
    <ns:P_21B>token</ns:P_21B>
    <ns:P_21C>token</ns:P_21C>
    <ns:P_22>false</ns:P_22>
    <ns:P_22A>1900-01-01</ns:P_22A>
    <!--Optional:-->
    <ns:P_22B>token</ns:P_22B>
    <!--Optional:-->
    <ns:P_22C>token</ns:P_22C>
    <ns:P_23>false</ns:P_23>
    <ns:P_106E_2>true</ns:P_106E_2>
    <ns:P_106E_3>false</ns:P_106E_3>
    <!--Optional:-->
    <ns:P_106E_3A>token</ns:P_106E_3A>
    <ns:RodzajFaktury>VAT</ns:RodzajFaktury>
    <ns:PrzyczynaKorekty>token</ns:PrzyczynaKorekty>
    <ns:NrFaKorygowanej>token</ns:NrFaKorygowanej>
    <!--Optional:-->
    <ns:OkresFaKorygowanej>token</ns:OkresFaKorygowanej>
    <!--Optional:-->
    <ns:NrFaZaliczkowej>token</ns:NrFaZaliczkowej>
  </ns:Faktura>
  <ns:FakturaCtrl>
    <ns:LiczbaFaktur>200</ns:LiczbaFaktur>
    <ns:WartoscFaktur>1000.00000000000000</ns:WartoscFaktur>
  </ns:FakturaCtrl>
  <!--1 or more repetitions:-->
  <ns:FakturaWiersz>
    <ns:P_2B>token</ns:P_2B>
    <!--Optional:-->
    <ns:P_7>token</ns:P_7>
    <!--Optional:-->
    <ns:P_8A>token</ns:P_8A>
    <!--Optional:-->
    <ns:P_8B>1000.000000000000000000</ns:P_8B>
    <!--Optional:-->
    <ns:P_9A>1000.00000000000000</ns:P_9A>
    <!--Optional:-->
    <ns:P_9B>1000.00000000000000</ns:P_9B>
    <!--Optional:-->
    <ns:P_10>1000.00000000000000</ns:P_10>
    <!--Optional:-->
    <ns:P_11>1000.00000000000000</ns:P_11>
    <!--Optional:-->
    <ns:P_11A>1000.00000000000000</ns:P_11A>
    <!--Optional:-->
    <ns:P_12>22</ns:P_12>
  </ns:FakturaWiersz>
  <ns:FakturaWierszCtrl>
    <ns:LiczbaWierszyFaktur>200</ns:LiczbaWierszyFaktur>
    <ns:WartoscWierszyFaktur>1000.00000000000000</ns:WartoscWierszyFaktur>
  </ns:FakturaWierszCtrl>
  <!--1 or more repetitions:-->
  <ns:Zamowienie>
    <ns:P_2AZ>token</ns:P_2AZ>
    <ns:WartoscZamowienia>1000.00000000000000</ns:WartoscZamowienia>
    <!--1 or more repetitions:-->
    <ns:ZamowienieWiersz>
      <!--Optional:-->
      <ns:P_7Z>token</ns:P_7Z>
      <!--Optional:-->
      <ns:P_8AZ>token</ns:P_8AZ>
      <!--Optional:-->
      <ns:P_8BZ>1000.000000000000000000</ns:P_8BZ>
      <!--Optional:-->
      <ns:P_9AZ>1000.00000000000000</ns:P_9AZ>
      <!--Optional:-->
      <ns:P_11NettoZ>1000.00000000000000</ns:P_11NettoZ>
      <!--Optional:-->
      <ns:P_11VatZ>1000.00000000000000</ns:P_11VatZ>
      <!--Optional:-->
      <ns:P_12Z>23</ns:P_12Z>
    </ns:ZamowienieWiersz>
  </ns:Zamowienie>
  <ns:ZamowienieCtrl>
    <ns:LiczbaZamowien>200</ns:LiczbaZamowien>
    <ns:WartoscZamowien>1000.00000000000000</ns:WartoscZamowien>
  </ns:ZamowienieCtrl>
</ns:JPK>